@book{hatcher,
      author        = "Hatcher, Allen",
      title         = "{Algebraic topology}",
      publisher     = "Cambridge Univ. Press",
      address       = "Cambridge",
      year          = "2000",
      url           = "https://pi.math.cornell.edu/~hatcher/AT/ATpage.html",
}

@book{tomdieck,
  title={Algebraic Topology},
  author={Dieck, T.},
  isbn={9783037190487},
  lccn={2009417323},
  series={EMS textbooks in mathematics},
  url={https://books.google.it/books?id=ruSqmB7LWOcC},
  year={2008},
  publisher={European Mathematical Society}
}

@book{spanier,
  title={Algebraic Topology},
  author={Spanier, E.H.},
  isbn={9780387944265},
  lccn={65025552},
  series={McGraw-Hill series in higher mathematics},
  url={https://books.google.it/books?id=h-wc3TnZMCcC},
  year={1989},
  publisher={Springer}
}

@book{steenrod,
 ISBN = {9780691005485},
 URL = {http://www.jstor.org/stable/j.ctt1bpm9t5},
 abstract = {Fibre bundles},
 author = {Steenrod, Norman},
 publisher = {Princeton University Press},
 title = {The Topology of Fibre Bundles. (PMS-14)},
% urldate = {2023-03-07},
 year = {1951}
}

@book{mccleary, 
	place={Cambridge}, 
	edition={2}, 
	series={Cambridge Studies in Advanced Mathematics}, 
	title={A User's Guide to Spectral Sequences}, 
	publisher={Cambridge University Press}, 
	author={McCleary, John}, 
	year={2000}, 
	collection={Cambridge Studies in Advanced Mathematics},
	url={https://people.math.rochester.edu/faculty/doug/papers.html}
}

@book{hatcher-K,
  title={Vector Bundles and K-Theory},
  author={Hatcher, A.},
  %isbn={9780521795401},
  %lccn={00065166},
  series={Algebraic Topology},
  url={https://pi.math.cornell.edu/~hatcher/VBKT/VBpage.html},
  year={2003},
  %publisher={Cambridge University Press}
}

@book{mi-sta,
  title={Characteristic Classes},
  author={Milnor, J.W. and Stasheff, J.D.},
  %isbn={9780691081229},
  %lccn={lc72004050},
  series={Annals of mathematics studies},
  url={https://www.maths.ed.ac.uk/~v1ranick/papers/milnstas.pdf},
  year={1974},
  publisher={Princeton University Press}
}

%%@book{bredon,
%%  title={Topology and Geometry},
%%  author={Bredon, G.E.},
%%  %isbn={9781475768480},
%%  %lccn={92031618},
%%  series={Graduate Texts in Mathematics},
%%  url={http://virtualmath1.stanford.edu/~ralph/math215b/Bredon.pdf},
%%  year={2013},
%%  publisher={Springer New York}
%%}

